@article{1953_Katz_centrality,
        author = {Katz, Leo},
         title = {A new status index derived from sociometric analysis},
          year = {1953},
        volume = {18},
        number = {1},
         pages = {39--43},
       journal = {Psychometrika}
}


@article{1959_Erdos_OnRandom,
        author = {Erdös, Paul and Rényi, Alfréd},
         title = {On random graphs I},
          year = {1959},
        volume = {6},
         pages = {290--297},
       journal = {Publicationes Mathematicae}
}



@article{1959_Dijkstra_TwoProblems,
	author = {Edsger W. Dijkstra},
	 title = {A note on two problems in connexion with graphs},
       journal = {Numerische Mathematik},
	  year = {1959},
	volume = {1},
         pages = {269--271}
}


@article{1973_Dunn_Clusters,
	author = {Dunn, Joseph C.},
	 title = {A fuzzy relative of the ISODATA process and its use in detecting compact well-separated clusters},
       journal = {Numerische Mathematik},
	  year = {1973},
	volume = {3},
	number = {3},
         pages = {32--57}
}



@article{1983_Granovetter_WeakTies,
        author = {Granovetter, Mark},
         title = {The Strength of Weak Ties: A Network Theory Revisited},
          year = {1983},
        volume = {1},
         pages = {201--233},
       journal = {Sociological Theory}
}


@article{1987_Franzosi_Press,
        author = {Franzosi, Roberto},
         title = {The Press as a Source of Socio-Historical Data: Issues in the Methodology of Data Collection from Newspapers},
          year = {1987},
        volume = {20},
        number = {1},
         pages = {5--16},
       journal = {Historical Methods}
}


@InBook{1988_Wellman_StructuralAnalysis,
        author = {Wellman, Barry},
         title = {Social Structures: A Network Approach},
          year = {1988},
     publisher = {Cambridge University Press},
        series = {Structural analysis in the Social Sciences},
        volume = {2},
       chapter = {2. Structural analysis: From method and metaphor to theory and substance},
         pages = {19--61},
          isbn = {521-24441-2}
}


@InBook{1988_Breiger_Bipartite,
        author = {Breiger, Ronald L.},
         title = {Social Structures: A Network Approach},
          year = {1988},
     publisher = {Cambridge University Press},
        series = {Structural analysis in the Social Sciences},
        volume = {2},
       chapter = {4. The duality of persons and groups},
         pages = {83--98},
          isbn = {521-24441-2}
}



@InBook{1990_Krippendorff_ContentAnalysis,
        author = {Krippendorff, Klaus},
    translator = {Wolfson, Leandro},
         title = {Metodología de análisis de contenido. Teoria y práctica},
          year = {1990},
     publisher = {Pairdós Comunicación. Trad. Wolfson, Leandro},
       edition = {1},
       address = {España},
       chapter = {2. Fundamentos conceptuales},
         pages = {28--44},
          isbn = {84-7509-627-1}
}




@article{1992_Gamson_mediosRealidad,
        author = {Gamson, William A. and Croteau, David and Hoynes, William and Sasson, Theodore},
         title = {Media Images and the Social Construction of Reality},
          year = {1992},
        volume = {18},
         pages = {373--393},
       journal = {Annual Review of Sociology}
}


@article{1993_BrmanEvtt_StructureSocialProtest,
        author = {Bearman, Peter S. and Everett, Kevin D.},
         title = {The structure of social protest, 1961--1983},
          year = {1993},
        volume = {15},
        number = {2},
         pages = {171--200},
       journal = {Social Networks}
}


@article{1993_Gamson_medios,
        author = {Gamson, William A. and Wolfsfeld, Gadi},
         title = {Movements and Media as Interacting systems},
          year = {1993},
        volume = {528},
         pages = {114--125},
       journal = {Annals of the American Academy of Political and Social Science, Jul.}
}


@book{1994_Wasserman_SNA,
        author = {Wasserman, Stanley and Faust, Katherine},
         title = {Social Network Analysis: Methods and applications},
          year = {1994},
     publisher = {Cambridge, University press},
       address = {USA},
          isbn = {0-521-38269-6}
}


@article{1996_MorenoDeAlba_Prestigio,
        author = {Moreno de Alba, José G.},
         title = {Notas sobre el concepto de prestigio aplicado a algunos diarios mexicanos y su relación con el diseño y los encabezamientos de sus primeras planas},
          year = {1996},
        volume = {1},
        number = {1},
         pages = {23--50},
       journal = {Boletı́n, primer semestre}
}


@article{1997_Borgatti_2ModeSNA,
        author = {Borgatti, Stephen P. and Everett, Martin G.},
         title = {Network analysis of 2-mode data},
          year = {1997},
        volume = {19},
        number = {3},
         pages = {243--269},
       journal = {Social networks}
}



@article{1997_Emirbayer_manifiesto,
        author = {Emirbayer, Mustafa},
         title = {Manifesto for a Relational Sociology},
          year = {1997},
        volume = {103},
        number = {2},
         pages = {281--317},
       journal = {The American Journal of Sociology}
}



@InBook{1999_McAdam_PerspectivasMS,
	 title = {Movimientos sociales, perspectivas comparadas oportunidades políticas, estructuras de movilización y marcos interpretativos culturales},
       chapter = {Prefacio},
     publisher = {Ediciones Istmo},
          year = {1999},
        author = {McAdam, Doug and McCarthy, John D. and Zald, Mayer N.},
         pages = {13--18},
          isbn = {84-7090-331-4}
}


@article{1999_BarrancoET_ValidityNewspapers,
        author = {Barranco, José and Wisler, Dominique},
         title = {Validity and Systematicity of Newspaper Data in Event Analysis},
          year = {1999},
        number = {3},
        volume = {15},
         pages = {301--322},
       journal = {European Sociology Review}
}


@article{1999_OliverMyers_LocalNewspapers,
        author = {Oliver, Pamela Elaine and Myers, Daniel J.},
         title = {How Events Enter the Public Sphere: Conflict, Location, and Sponsorship in Local Newspaper Coverage of Public Events},
          year = {1999},
        volume = {105},
        number = {1},
         pages = {38--87},
       journal = {The American Journal of Sociology}
}



@article{1999_Koopmans_AEPWhere,
        author = {Koopmans, Ruud and Ruchtt, Dieter},
         title = {Protest Event Analysis--Where to now?},
          year = {1999},
        volume = {4},
        number = {2},
         pages = {123--130},
       journal = {Mobilization: An International Journal}
}




@article{2000_MischePattison_civicArena,
        author = {Mische, Ann and Pattison, Philippa},
         title = {Composing a civic arena: Publics, projects, and social settings},
        number = {2-3},
          year = {2000},
        volume = {27},
         pages = {163--194},
       journal = {Poetics}
}



@article{2001_Maney_Oliver__FindingEvents,
        author = {Maney, Gregory M. and Oliver, Pamela E.},
         title = {Finding Collective Events},
        number = {2},
          year = {2001},
        volume = {30},
         pages = {131--169},
       journal = {Sociological Methods and Research}
}


@article{2002_Barabasi_MechanicsOfComplexNetworks,
        author = {Albert, Réka and Barabási, Albert László},
         title = {Statistical mechanics of complex networks},
          year = {2002},
        volume = {74},
         pages = {47--97},
       journal = {Reviews of modern physics}
}


@article{2002_Tilly_EventCatalogsAsTheories,
        author = {Tilly, Charles},
         title = {Event catalogs as theories},
          year = {2002},
        volume = {20},
        number = {2},
         pages = {248--254},
       journal = {Sociological Theory}
}

@article{2002_Koopmans_AEP,
        author = {Koopmans, Ruud and Rucht, Dieter},
         title = {Protest Event Analysis},
          year = {2002},
        volume = {16},
         pages = {231--59},
       journal = {Methods of social movement research}
}


@article{2003_Barabasi_ScaleFreeNetwork,
        author = {Barabási, Albert-Laszlo and Bonabeau, Eric},
         title = {Scale Free Networks},
        number = {5},
          year = {2003},
        volume = {288},
         pages = {50--59},
       journal = {Scientific American}
}


@InBook{2003_Diani_SocialNetworks,
	 title = {Social Movements and Networks: Relational Approaches to Collective Action},
       chapter = {1. Introduction: Social Movements, Contentious Actions, and Social Networks: 'From Metaphor to Substance'?},
     publisher = {Oxford University Press},
          year = {2003},
        author = {Diani, Mario},
         pages = {1--20},
        editor = {Diani and Mario and McAdam and Doug},
          isbn = {0-19-925177-0}
}


@InBook{2003_OliverMyers_Difusion,
	 title = {Social Movements and Networks: Relational Approaches to Collective Action},
       chapter = {8. Networks, Difussion, and Cycles of Collective Action},
     publisher = {Oxford University Press},
          year = {2003},
        author = {Oliver, Pamela Elaine and Myers, Daniel J.},
         pages = {173--203},
        editor = {Diani and Mario and McAdam and Doug},
          isbn = {0-19-925177-0}
}


@article{2003_Wada_MainActors,
        author = {Wada, Takeshi},
         title = {Who are the main actors and brokers in Mexican popular contention?},
          year = {March 29, 2003},
       journal = {Paper presented at the annual meeting of the Latin American Studies Association, Dallas}
}


@PhdThesis{2003_Wada_Tesis,
        author = {Wada, Takeshi},
        degree = {Doctor of Philosophy (Sociology)},
         title = {A Historical and Network Analysis of Popular Contention in the Age of Globalization in Mexico},
        school = {Columbia University, Gaduate School of Arts and Science},
          year = {2003}
}


@article{2004_Barrat_ComplexNetworks,
        author = {Barrat, Alain and Barthélémy, Marc and Pastor-Satorras, Romualdo and Vespignani1, Alessandro},
         title = {The architecture of complex weighted networks},
        number = {5},
          year = {2004},
        volume = {101},
         pages = {3747--3752},
           url = {http://www.pnas.org/content/101/11/3747.full},
       journal = {Proceedings of the National Academy of Sciences}
}


@article{2004_Newman_WeightedNet,
        author = {Newman, Mark E. J.},
         title = {Analysis of weighted networks},
          year = {2004},
        volume = {70},
        number = {5},
         pages = {056131},
       journal = {Physical review E}
}


@article{2004_Salvador_NumberClusters,
        author = {Salvador, Stan and Chan, Philip},
         title = {Determining the number of clusters/segments in hierarchical clustering/segmentation algorithms},
          year = {2004},
         pages = {576--584},
       journal = {Tools with Artificial Intelligence},
      publisher = {ICTAI 2004. 16th IEEE International Conference}
}


@InBook{2005_Diestel_GraphThery,
        author = {Diestel, Reinhard},
       chapter = {1. The Basics},
         title = {Graph Theory},
          year = {2005},
     publisher = {Electronic Edition},
       address = {Heidelberg},
        series = {Graduate Texts in Mathematics},
        volume = {173},
       edition = {third}
}



@article{2005_Ioannidis_FindingsAreFalse,
        author = {Ioannidis, John P. A.},
         title = {Why Most Published Research Findings Are False},
          year = {2005},
        volume = {2},
        number = {8},
         pages = {e124},
       journal = {PLoS medicine}
}



@article{2005_Ortiz_NewspaperData,
        author = {Ortiz, David G. and Myers, Daniel J. and Walls, N. Eugene and Diaz, Maria Elena},
         title = {Where Do We Stand With Newspaper Data?},
        number = {10},
          year = {2005},
        volume = {3},
        pages = {397--419},
       journal = {Mobilization: An International Journal}
}


@InBook{2005_Favela_PanoramaMS,
	 title = {América Latina: aproximaciones multidisciplinarias, N. de los Ríos Méndez e I. Sánchez Ramos, coords},
       chapter = {Panorama actual sobre los estudios de los movimiento sociales en México},
     publisher = {UNAM-Posgrado},
          year = {2005},
        author = {Favela Gavia, Diana Margarita},
         pages = {147--170}
}



@PhdThesis{2005_Strawn_Tesis,
        author = {Strawn, Kelley D.},
        degree = {Doctor of Philosophy (Sociology)},
         title = {Political Process, Economy, and Protest in Mexico, 1999-2000: An Event-Centered Quantitative Analysis of Collective Action in a Structural-Adjudment Society},
        school = {University of Wisconsin-Madison},
          year = {2005}
}


@book{2006_Albornoz_PeriodismoDigital,
        author = {Albornoz, Luis A.},
         title = {Periodismo digital: los grandes diarios en la red},
          year = {2006},
     publisher = {La crujía},
       address = {Argentina},
          isbn = {987-601-016-6}
}


@InBook{2006_Cadena_MSRelacional,
	 title = {América Latina: historia, realidades y desafíos},
       chapter = {Los movimientos sociales desde un punto de vista relacional},
     publisher = {Posgrado en estudios latinoamericanos, FFyL-FCPyS-IIE-CEIICH, UNAM},
          year = {2006},
        author = {Cadena Roa, Jorge},
         pages = {479--492},
          isbn = {970-32-2947-6}
}


@article{2006_LevyMurphy_coparticipacion,
        author = {Levi, Margaret and Murphy, Gillian H.},
         title = {Coalitions of Contention: The Case of the WTO Protests in Seattle},
          year = {2006},
        volume = {54},
        number = {4},
         pages = {651--670},
       journal = {Political Studies}
}


@article{2006_Newman_Similarity,
        author = {Leicht, Elizabeth A. and Holme, Petter and Newman, Mark E. J.},
         title = {Vertex similarity in networks},
          year = {2006},
        volume = {73},
        number = {2},
         pages = {026120},
       journal = {Physical Review E}
}


@article{2007_Vallez_NLP,
        author = {Vallez, Mari and Pedraza Jimenez, Rafael},
         title = {El Procesamiento del Lenguaje Natural en la Recuperación de Información Textual y áreas afines [en línea]},
          year = {2007},
        volume = {5},
        number = {},
         pages = {\url{https://www.upf.edu/hipertextnet/numero-5/pln.html}},
       journal = {Hipertext.net}
}



@book{2008_ASF_Medios,
        author = {Fuentes Berain, Rossana and Juárez Gámiz, Julio},
         title = {Medios e Interés Público},
          year = {2008},
     publisher = {Auditoría Superior de la Federación},
	series = {Cultura de la rendición de cuentas},
       address = {México, D.F.},
	number = {11},
	  isbn = {ISBN-978-607-95140-0-6}
}

@article {2008_LieStatistics,
	 title = {How Not to Lie Without Statistics},
	  year = {2008},
	author = {Gary King and Eleanor Neff Powell},
	   url = {https://gking.harvard.edu/files/abs/nolie-abs.shtml}
}



@article{2008_Nazir_TripartiteRelationships,
        author = {Nazir, Fawad and Takeda, Hideaki},
         title = {Extraction and analysis of tripartite relationships from Wikipedia},
          year = {2008},
        volume = {},
        number = {},
         pages = {1--13},
       journal = {Technology and Society, 2008. ISTAS 2008. IEEE International Symposium on. IEEE}
}



@article{2008_Ophsal_RichClub,
        author = {Opsahl, Tore and Colizza, Vittoria and Panzarasa, Pietro and Ramasco, José J.},
         title = {Prominence and Control: The Weighted Rich-Club Effect},
          year = {2008},
        volume = {101},
        number = {16},
         pages = {168702},
       journal = {Physical review letters}
}


@article{2008_Strawn_mediaValidity,
        author = {Strawn, Kelly D.},
         title = {Validity and Media-Derived Protest Event Data: Examining Relative Coverage Tendencies in Mexican News Media},
          year = {2008},
        volume = {13},
        number = {2},
         pages = {147--164},
       journal = {Mobilization: An International Quarterly}
}


@book{2009_nltk_python,
        author = {Bird, Steven and Klein, Ewan and Loper, Edward},
         title = {Natural Language Processing with Python -- Analyzing Text with the Natural Language Toolkit},
          year = {2009},
     publisher = {O'Relly},
       address = {USA},
          isbn = {978-0-596-51649-9}
}


@article{2009_PowerLaw_Clauset_EtAl,
        author = {Clauset, Aaron and Shalizi, Cosma Rohilla and Newman, Mark E. J.},
         title = {Power-law distributions in empirical data},
          year = {2009},
        volume = {51},
        number = {4},
         pages = {661--703},
       journal = {SIAM review}
}


@article{2009_Clustering_Opsahl,
        author = {Opsahl, Tore and Panzarasa, Pietro},
         title = {Clustering in Weighted Networks},
          year = {2009},
        volume = {31},
         pages = {155--163},
       journal = {Social Networks}
}

@article{2009_clusterByAttributes_Zhou,
        author = {Zhou, Yang and Cheng, Hong and Xu Yu, Jeffrey},
         title = {Graph clustering based on structural/attribute similarities},
          year = {2009},
        volume = {2},
        number = {1},
         pages = {718--729},
       journal = {Proceedings of the VLDB Endowment}
}


@article{2009_Jerarquia_Maiya,
        author = {Maiya, Arun S. and Berger-Wolf, Tanya Y},
         title = {Inferring the Maximum Likelihood Hierarchy in Social Networks},
          year = {2009},
        volume = {4},
         pages = {245--250},
       journal = {Computational Science and Engineering, 2009. CSE'09. International Conference on}
}



@article{2009_Rosvall_MapEquation,
        author = {Rosvall, Martin and Axelsson, Daniel},
         title = {The map equation},
          year = {2009},
        volume = {178},
        number = {1},
         pages = {13--23},
       journal = {The European Physical Journal Special Topics}
}



@article{2010_Cadena_LAOMS,
        author = {Cadena Roa, Jorge and Falleti, Valeria},
         title = {El Laboratorio de Análisis de Organizaciones y Movimientos Sociales (LAOMS). Objetivos y actividades iniciales},
          year = {2010},
        volume = {51},
         pages = {23--33},
       journal = {Jornadas Anuales de Investigación, CEIICH-UNAM}
}

@book{2010_Franzosi_QNA,
        author = {Franzosi, Roberto},
         title = {Quantitative Narrative Analysis},
          year = {2010},
     publisher = {SAGE Publications, Inc},
	series = {Quantitative Applications in the Social Sciences},
	number = {162}
}


@book{2010_Newman_Networks,
        author = {Newman, Mark E. J.},
         title = {Networks: An Introduction},
          year = {2010},
     publisher = {Oxford University Press},
       address = {Oxford},
          isbn = {0-19-920665-1}
}


@article{2010_Opsahl_NodeCentralityWeighted,
        author = {Opsahl,Tore and Agneessensb, Filip and Skvoretz, John},
         title = {Node Centrality in Weighted Networks: Generalizing Degree and Shortest Paths},
          year = {2010},
        volume = {32},
        number = {3},
         pages = {245--251},
       journal = {Social Networks}
}


@article{2010_Strawn_keywordSearch,
        author = {Strawn, Kelly D.},
         title = {Protest Records, Data Validity, and the Mexican Media: Development and Assessment of a Keyword Search Protocol},
          year = {2010},
        volume = {9},
        number = {1},
         pages = {69--84},
       journal = {Social Movement Studies}
}



@article{2011_Aguirre_introduccionSNA,
        author = {Aguirre, Julio Leonidas},
         title = {Introducción al Análisis de Redes Sociales},
          year = {2011},
        volume = {Diciembre},
        number = {82},
       journal = {Centro Interdisciplinario para el Estudio de Políticas Públicas, Documentos de Trabajo}
}



@article{2011_Henderson_RolX,
        author = {Henderson, Keith and Gallagher, Brian and Eliassi-Rad, Tina and Tong, Hanghang and Akoglu, Leman and Koutra, Danai and Li, Lei and Sugato, Basu and Faloutsos, Christos},
         title = {RolX: Role Extraction and Mining in Large Networks},
          year = {2011},
        volume = {},
        number = {LLNL-TR-498952},
       journal = {Lawrence Livermore National Lab.(LLNL), Livermore, CA (United States)}
}


@InBook{2011_Tarrow_PowerMovement,
	 title = {Power in movement: Social movements and contentious politics},
       chapter = {6. Networks and Organizations},
     publisher = {Cambridge University Press},
       edition = {3},
          year = {2011},
        author = {Tarrow, Sidney G.},
         pages = {119--139},
          isbn = {978-0-521-15572-4}
}



@PhdThesis{2011_Tesis_LaJornada,
        author = {Arce Barceló, María Esther},
        degree = {},
         title = {Análisis del periódico mexicano "La Jornada". Un modelo de comunicación alternativa en la era de la globalización},
        school = {Universidad de Murcia. Departamento de Información y Documentación},
          year = {2011}
}


@book{2011_Valcarce_ciberperiodismo,
        author = {Parra, David and Álvarez, José},
         title = {Ciberperiodismo},
          year = {2011},
     publisher = {Síntesis},
       address = {España},
          isbn = {84-9756-218-6}
}



@InBook{2011_Wellman_SNA_Introduction,
	 title = {The SAGE handbook of social network analysis},
       chapter = {2. Social network analysis: An introduction},
     publisher = {SAGE Publications Ltd},
        volume = {11},
          year = {2011},
        author = {Marin, Alexandra and Wellman, Barry},
         pages = {11--25},
          isbn = {978-1-84787-395-8}
}



@article{2012_Doreian_Blockmodels,
        author = {Doreian, Patrick},
         title = {Positional analysis and blockmodeling},
          year = {2012},
         pages = {2226--2239},
       journal = {Computational Complexity},
     publisher = {Springer New York}
}


@InBook{2012_Franzosi_QNA,
	 title = {Varieties of Narrative Analysis},
       chapter = {4. On Quantitative Narrative Analysis},
     publisher = {SAGE Publications, Inc},
          year = {2012},
        author = {Franzosi, Roberto},
         pages = {75--96},
          isbn = {978-1-4129-8755}
}



@book{2012_REDA_EvaluacionAsociaciones,
        author = {Cadena Roa, Jorge and Chávez Becker, Carlos and Gordon, Sara and Guadarrama, Gloria and Luna, Matilde and Natal Martínez, Alejandro and Puga, Cristina and Tirado, Ricardo and Velasco, José Luis},
         title = {Protocolo para la evaluación de asociaciones},
          year = {2012},
     publisher = {Red de Estudios sobre Desempeño Asociativo. Instituto de Investigaciones Sociales; El Colegio Mexiquense},
       edition = {1},
       address = {México. UNAM},
          isbn = {978-607-02-3657-0}
}


@book{2012_Schrodt_Tabari,
        author = {Schrodt, Philip A.},
         title = {TABARI: Textual Analysis by Augmented Replacement Instructions, Version 0.8.4},
          year = {5 de Noviembre, 2012},
     publisher = {Dept. of Political Science, Pennsylvania State University}
}



@article{2012_Wand_andSoule_ColabiracionOMS,
        author = {Wang, Dan J. and Soule, Sarah A.},
         title = {Social Movement Organizational Collaboration: Networks of Learning and the Diffusion of Protest Tactics, 1960-1995},
          year = {2012},
        volume = {117},
        number = {6},
         pages = {1674--1722},
       journal = {American Journal of Sociology}
}


@article{2013_Garcia_PrensaMex,
        author = {García Rubio, Claudia I.},
         title = {Radiografía de la prensa diaria en México en 2010},
          year = {2013},
        number = {20},
         pages = {65--93},
       journal = {Comunicación y Sociedad},
     publisher = {Departamento de estudios de la comunicación social, Universidad de Guadalajara}
}




@article{2013_HuertaGomez_ConcentracionMedios,
        author = {Huerta-Wong, Juan Enrique and Gómez García, Rodrigo},
         title = {Concentración y diversidad de los medios de comunicación en México},
          year = {2013},
        number = {19},
         pages = {113--152},
       journal = {Comunicación y Sociedad},
     publisher = {Departamento de estudios de la comunicación social, Universidad de Guadalajara}
}


@article{2013_Opsahl_BipartiteCluster,
        author = {Opsahl, Tore},
         title = {Triadic closure in two-mode networks: Redefining the global and local clustering coefficients},
          year = {2013},
        volume = {35},
         issue = {2},
         pages = {159--167},
       journal = {Social Networks}
}

@article{2013_Rovira_ActivismoMediatico,
        author = {Rovira-Sancho, Guiomar},
         title = {Activismo mediático y criminalización de la protesta: medios y movimientos sociales en México},
          year = {2013},
        number = {61},
         pages = {35--60},
       journal = {Convergencia, Revista de Ciencias Sociales, UAEM}
}


@article{2013_Saracli_ComparacionClusters,
        author = {Saraçli, Sinan and Dŏgan, Nurhan and Ismet Dŏgan},
         title = {Comparison of hierarchical cluster analysis methods by cophenetic correlation},
          year = {2013},
        volume = {2013},
        number = {1},
         pages = {203},
       journal = {Journal of Inequalities and Applications},
     publisher = {SpringerOpen}
}



@InBook{2013_Schrodt_automatedPolitical,
	 title = {Handbook of Computational Approaches to Counterterrorism},
       chapter = {Automated Coding of Political Event Data},
     publisher = {Springer New York},
          year = {2013},
        author = {Schrodt, Philip A and Van Brackle, David},
         pages = {23--49},
          isbn = {978-1-4614-5310-9}
}


@InBook{2014_DellaPorta_Metodologicalpluralism,
	 title = {Metodological practices in social movement research},
       chapter = {1. Social Movement Studies and Methodological Pluralism: An Introduction},
     publisher = {Oxford University Press},
          year = {2014},
        author = {Della Porta, Donatella},
         pages = {1--20},
          isbn = {978–0–19–871957–1}
}


@InBook{2014_Hutter_AEP,
	 title = {Metodological practices in social movement research},
       chapter = {14.  Protest Event Analysis and Its Offspring},
     publisher = {Oxford University Press},
          year = {2014},
        author = {Hutter, Swen},
         pages = {335--367},
          isbn = {978–0–19–871957–1}
}


@InBook{2014_Caiani_SNA,
	 title = {Metodological practices in social movement research},
       chapter = {15.  Social Network Analysis},
     publisher = {Oxford University Press},
          year = {2014},
        author = {Caiani, Manuela},
         pages = {368--396},
          isbn = {978–0–19–871957–1}
}


@incollection{2014_Rosvall_CommunityMapEq,
    title	= {Community detection and visualization of networks with the map equation framework},
    author	= {Bohlin, Ludvig and Edler, Daniel and Lancichinetti, Andrea and Rosvall, Martin},
    booktitle	= {Measuring Scholarly Impact},
    pages	= {3--34},
    year	= {2014},
    publisher 	= {Springer}
}



@book{2014_Olmos_ReporterosGuerraZapatista,
        author = {Olmos Rodríguez, José Gil},
         title = {Los reporteros mexicanos en la guerra zapatista},
          year = {2014},
     publisher = {Redactum},
       address = {},
          isbn = {9783639650037}
}

@article{2014_Wada_ActiveCentralActors,
        author = {Wada, Takeshi},
         title = {Who are the active and central actors in the ‘rising civil society’ in Mexico?},
          year = {2014},
        volume = {13},
        number = {1},
         pages = {127--157},
       journal = {Social Movement Studies: Journal of Social, Cultural and Political Protest}
}

@article{2014_Denis_RegularEquivalence,
        author = {Helic, Denis},
         title = {Regular equivalence in informed network search},
          year = {2014},
        pages = {1088--1093},
       journal = {Information and Communication Technology, Electronics and Microelectronics (MIPRO), 2014 37th International Convention IEEE}
}


@InBook{2015_Barabasi_NetworkScience,
        author = {Barabási, Albert László},
         title = {Network Science},
          year = {2015},
     publisher = {Disponible en línea en \url{http://barabasi.com/networksciencebook/}},
       chapter = {0. Personal Introduction},
       address = {},
          isbn = {}
}


@article{2015_Camaillo_InvestigacionBibliografica,
        author = {Camarillo, Marı́a Teresa},
         title = {La investigación hemerográfica},
          year = {2015},
        volume = {XX},
        number = {1 y 2},
         pages = {333--357},
       journal = {Boletı́n del Instituto de Investigaciones Bibliográficas}
}


@InBook{2015_Cadena_Tecnologia,
	 title = {Investigación-docencia interdisciplinaria, gestión del conocimiento y tecnología},
       chapter = {El uso de las tecnologías de informática, cómputo y comunicaciones para el análisis de redes y protestas sociales. El movimiento social de 2006 en Oaxaca},
     publisher = {UNAM},
          year = {2015},
        author = {Cadena Roa, Jorge and Hernández Santiago, Javier and Moreno Cárdenas, Victoria},
         pages = {219--240}
}


@InBook{2015_Cadena_Redes,
	 title = {Las organizaciones civiles mexicanas hoy},
       chapter = {¿Qué hay de nuevo con las redes mexicanas de organizaciones civiles?},
     publisher = {Centro de Investigaciones Interdisciplinarias en Ciencias y Humanidades, Coordinación de Humanidades},
	series = {Colección Alternativas},
          year = {2015},
        author = {Cadena Roa, Jorge},
         pages = {155--187},
          isbn = { 978-607-02-6277-7}
}


@InBook{2015_Calvillo_DimensionesOC,
	 title = {Las organizaciones civiles mexicanas hoy},
       chapter = {Dimensiones cuantitativas de las organzaciones civiles en México},
     publisher = {Centro de Investigaciones Interdisciplinarias en Ciencias y Humanidades, Coordinación de Humanidades},
	series = {Colección Alternativas},
          year = {2015},
        author = {Calvillo Velasco, Miriam and Favela Gavia, Alejandro},
         pages = {73--120},
          isbn = { 978-607-02-6277-7}
}

@InBook{2015_Olvera_RepresentacionesOSC,
	 title = {Las organizaciones civiles mexicanas hoy},
       chapter = {Representaciones e ideologías de los organismos civiles en México: crítica de la selectividad y rescate del sentido de la idea de sociedad civil},
     publisher = {Centro de Investigaciones Interdisciplinarias en Ciencias y Humanidades, Coordinación de Humanidades},
	series = {Colección Alternativas},
          year = {2015},
        author = {Olvera, Alberto J.},
         pages = {23--47},
          isbn = { 978-607-02-6277-7}
}



@InBook{2015_Danilova_Linguistic,
        author = {Danilova, Vera},
         title = {Linguistic Support for Protest Event Data Collection},
     publisher = {Ph.D. thesis, Universitat Autonoma de Barcelona, department de Filologia Francesa i Romanica Facultat de Filosofia i Lletres},
          year = {2015},
       chapter = {2. Overview of the Background},
	 pages = {8--36}
}


@article{2015_Lacy_BestContentAnalysis,
        author = {Lacy, Stephen and Watson R, Brendan and Riffe, Daniel and Lovejoy, Jennette},
         title = {Issues and Best Practices in Content Analysis},
          year = {2015},
        volume = {8},
        number = {},
         pages = {1--36},
       journal = {Communication Studies Faculty Publications and Presentations.},
           url = {https://pilotscholars.up.edu/cgi/viewcontent.cgi?article=1011&context=cst_facpubs}
}

@InBook{2015_Nicolasa_MassMedia,
	 title = {Pensar y mirar la protesta},
       chapter = {6. La representación de la protesta en los Mass Media},
     publisher = {División de Ciencias Sociales y Humanidades, UAM Azcapotzalco},
          year = {2015},
        author = {López Saavedra, Nicolasa},
         pages = {243--288},
          isbn = {978-607-28-0635-1}
}


@article{2015_Ophsal_tnet,
        author = {Opsahl, Tore},
         title = {Software for Analysis of Weighted, Two-Mode, and Longitudinal Networks},
          year = {2015},
       journal = {R package}
}



@article{2015_Poma_EmocionesEnProtestas,
        author = {Poma, Alice and Gravante, Tommaso},
         title = {Las emociones como arena de la lucha política. Incorporando la dimensión emocional al estudio de la protesta y los movimientos sociales},
          year = {2015},
        volume = {3},
        number = {4},
         pages = {111--130},
       journal = {Palabra Clave}
}

@article{2015_Ramirez_plagio,
        author = {Ramírez Plascencia, David},
         title = {El periodismo digital y las políticas editoriales en materia de plagio: una discusión necesaria pero ausente},
          year = {2015},
        volume = {18},
        number = {1},
         pages = {111--130},
       journal = {Palabra Clave}
}


@book{2015_LibertadExpresion_Represion,
        author = "{Frente por la Libertad de Expresión y la Protesta Social}",
         title = {Control del espacio público 3.0. Informe sobre retrocesos en las libertades de expresión y reunión en el actual gobierno},
          year = {2015},
     publisher = {},
       edition = {1},
       address = {México DF},
           url = {http://libertadyprotesta.org/wp-content/uploads/2018/05/control_espacio_publico_3_fleps_2015.pdf},
          isbn = {}
}


@article{2016_Beckett_ComunidadesBipatitas,
        author = {Beckett, Stephen J.},
         title = {Improved community detection in weighted bipartite networks},
        number = {1},
          year = {2016},
        volume = {3},
         pages = {140536},
       journal = {Royal Society open science}
}


@article{2016_Cadena_OMS,
        author = {Cadena Roa, Jorge},
         title = {Las organizaciones de los movimientos sociales y los movimientos sociales en México, 2000 - 2014},
        number = {1},
          year = {2016},
        volume = {24},
       journal = {Fundación Friedrich Ebert en México}
}


@InBook{2016_Rob_OMS,
	 title = {La agenda emergente de las ciencias sociales. Conocimiento, crítica e intervención. Memorias del 5 Congreso Nacional de Ciencias Sociales. 9. Acción colectiva, movimientos sociales y sociedad civil},
       chapter = {¿Quién es quién entre los actores emergentes de las protestas y movimientos sociales en México?},
     publisher = {},
          year = {2016},
        author = {Holguín Carrillo, Roberto},
         pages = {},
          isbn = {978-0692664933}
}


@book{2016_INE_catalogoMedios,
        author = {INE},
         title = {Catálogo Nacional de Medios Impresos e Internet},
          year = {2016},
     publisher = {Disponible en línea en \url{http://portalanterior.ine.mx/archivos2/DS/recopilacion/JGEor201601-25ac_01P04-01x01.pdf}},
       address = {},
          isbn = {}
}


@PhdThesis{2017_Broccatelli_CriminalTwoMode,
        author = {Broccatelli, Chiara},
        degree = {Doctor of Philosophy (Sociology)},
         title = {Going beyond secrecy: methodological advances for two-mode temporal criminal networks with Social Network Analysis},
        school = {University of Manchester},
          year = {2017}
}


@Unpublished{2017_Cadena_ManualLAOMS,
	author = {Cadena Roa, Jorge and Díaz Meléndez, Aurora and Holguín Carrillo, Roberto and González Arroyo, Karina and Islas Gurrola, Alicia and Serrano Campos, Daniela and Urbina Cortés, Gustavo Adolfo},
	 title = {Manual de procedimientos para el registro de eventos de protesta en la Plataforma LAOMS. \emph{Pendiente de publicación}},
	  year = {2018},
     publisher = {Laboratorio de Análisis de Organizaciones y Movimientos Sociales. Centro de Investigaciones Interdisciplinarias en Ciencias y Humanidades. Universidad Nacional Autónoma de México},
        series = {Dinámicas de la protesta 2}
}



@book{2017_FreedomPress,
        author = {FreedomHouse},
         title = {Freedom of the press 2017},
          year = {2017},
     publisher = {Disponible en línea en \url{https://freedomhouse.org}},
       address = {},
          isbn = {}
}


@book{2017_FUNDAR_PublicidadOficial,
        author = {Castaño, Paulina},
         title = {Contar ``lo bueno'' cuesta mucho. El gasto en publicidad oficial del gobierno federal de 2013 a 2016},
          year = {2017},
     publisher = {Fundar, Centro de análisis e investigación},
       address = {},
          isbn = {}
}


@Unpublished{2017_Urbina_estudiantes,
	author = {Urbina Cortés, Gustavo Adolfo},
	 title = {De la escuela a las calles: presencia estudiantil en las protestas de 2013 y 2014. \emph{Pendiente de publicación}},
	  year = {2018},
     publisher = {Laboratorio de Análisis de Organizaciones y Movimientos Sociales. Centro de Investigaciones Interdisciplinarias en Ciencias y Humanidades. Universidad Nacional Autónoma de México},
        series = {}
}



@PhdThesis{2017_Broccatelli_BipartiteTemporal,
        author = {Broccatelli, Chiara},
        degree = {Doctor of Philosophy (Sociology)},
         title = {Going beyond secrecy: methodological advances for two-mode temporal criminal networks with Social Network Analysis},
        school = {University of Manchester},
          year = {2017}
}


@article{2017_VanDykeANDamos_SocialMovementCoalitions,
        author = {Van Dyke, Nella and Amos, Bryan},
         title = {Social movement coalitions: Formation, longevity, and success},
        number = {7},
          year = {2017},
        volume = {11},
       journal = {Sociology Compass}
}


@article{2017_Rob_Respuestas,
        author = {Holguín Carrillo, Roberto},
         title = {¿Interlocución o represión? Las respuestas gubernamentales a las protestas en México (2013-2016)},
        number = {},
          year = {2017},
        volume = {},
       journal = {Trabajo preparado para su presentación en el V Congreso Internacional de la Asociación Mexicana de Ciencia Política (AMECIP)}
}


@article{2017_Rob_Respuestas,
        author = {Holguín Carrillo, Roberto},
         title = {¿Interlocución o represión? Las respuestas gubernamentales a las protestas en México (2013-2016)},
        number = {},
          year = {2017},
        volume = {},
       journal = {Trabajo preparado para su presentación en el V Congreso Internacional de la Asociación Mexicana de Ciencia Política (AMECIP)}
}


@article{2017_Zhang_fastkSim,
        title = {Fast and flexible top-k similarity search on large networks},
       author = {Zhang, Jing and Tang, Jie and Ma, Cong and Tong, Hanghang and Jing, Yu and Li, Juanzi and Luyten, Walter and Moens, Marie-Francine},
      journal = {ACM Transactions on Information Systems (TOIS)},
       volume = {36},
       number = {2},
        pages = {13},
         year = {2017},
    publisher = {ACM}
}

@article{2018_Duricic_RegularEquivalence,
        author = {Duricic, T. and Lacic, E. and Kowald, D. and Lex, E.},
         title = {Trust-based collaborative filtering: tackling the cold start problem using regular equivalence},
        number = {},
          year = {2018},
        volume = {},
         pages = {446--450},
       journal = {Proceedings of the 12th ACM Conference on Recommender Systems}
}


@article{2018_DegreeBipartite_Filho,
        title = {Degree distributions of bipartite networks and their projections},
       author = {Vasques Filho, Demival and O'Neale, Dion RJ},
      journal = {Physical Review E},
       volume = {98},
       number = {2},
        pages = {022307},
         year = {2018},
    publisher = {APS}
}
